@STRING{baps	= "Bull. Am. Phys. Soc." }
@STRING{cf	= "Computers \& Fluids" }
@STRING{cpc	= "Comput. Phys. Commun." }
@STRING{cpp	= "Contrib. Plasma Phys." }
@STRING{fst	= "Fus. Sci. Tech." }
@STRING{jcp	= "J. Comput. Phys." }
@STRING{jetp	= "JETP Lett." }
@STRING{jnm	= "J. Nucl. Mater." }
@STRING{jpcon	= "J. Phys: Conf. Series" }
@STRING{jpfr	= "J. Plasma Fusion Res. SERIES" }
@STRING{jpp	= "J. Plasma Phys." }
@STRING{nf	= "Nucl. Fusion" }
@STRING{njp	= "New J. Phys." }
@STRING{pf	= "Phys. Fluids" }
@STRING{pfb	= "Phys. Fluids B" }
@STRING{pop	= "Phys. Plasmas" }
@STRING{pp	= "Plasma Phys." }
@STRING{ppcf	= "Plasma Phys. Control. Fusion" }
@STRING{pre	= "Phys. Rev. E" }
@STRING{prl	= "Phys. Rev. Lett." }
@STRING{rmp	= "Rev. Mod. Phys." }
@STRING{tps	= "IEEE Trans. Plasma Sci." }

@Article{	  angioni:2009a,
  author =	 {C. Angioni and A.G. Peeters and G.V. Pereverzev and
                  A. Bottino and J. Candy and R. Dux and E. Fable and
                  T. Hein and R.E. Waltz},
  title =	 {Gyrokinetic simulations of impurity, {{He}} ash and
                  {{$\alpha$}} particle transport and consequences on
                  {{ITER}} transport modelling},
  journal =	 nf,
  volume =	 49,
  pages =	 055013,
  year =	 2009
}

@Article {abbate:2024,
  doi =		 {10.1063/5.0190908},
  year =	 2024,
  volume =	 31,
  pages =	 042506,
  author =	 {J. Abbate and E. Fable and B. Grierson and A. Pankin
                  and G. Tardini and E. Kolemen},
  title =	 {{Large-database cross-verification and validation of
                   tokamak transport models using baselines for comparison}},
  journal =	 pop
}

@Article {angioni:2022,
  doi =		 {10.1088/1741-4326/ac592b},
  year =	 2022,
  volume =	 62,
  pages =	 066015,
  author =	 {C. Angioni and T. Gamot and G. Tardini and E. Fable
                  and T. Luda and N. Bonanomi and C.K. Kiefer and
                  G.M. Staebler and the ASDEX Upgrade Team and the
                  EUROfusion MST1 Team},
  title =	 {{Confinement properties of L-mode plasmas in ASDEX
                  Upgrade and full-radius predictions of the TGLF
                  transport model}},
  journal =	 nf
}

@Article{	  arbon:2020,
  author =	 {R. Arbon and J. Candy and E.A. Belli},
  title =	 {Rapidly-convergent flux-surface shape
                  parameterization},
  journal =	 ppcf,
  volume =	 63,
  pages =	 012001,
  year =	 2020,
  doi =		 {10.1088/1361-6587/abc63b}
}

@Article{	  beer:1996,
  author =	 {M.A. Beer and G.W. Hammett},
  title =	 {Bounce averaged trapped electron fluid equations for
                  plasma turbulence},
  journal =	 pop,
  volume =	 3,
  pages =	 4018,
  year =	 1996
}

@Article{	  beer:1996b,
  author =	 {M.A. Beer and G.W. Hammett},
  title =	 {Toroidal gyrofluid equations for simulations of
                  tokamak turbulence},
  journal =	 pop,
  volume =	 3,
  pages =	 4046,
  year =	 1996
}

@Article{	  belli:2005,
  author =	 {E.A. Belli and G.W. Hammett},
  title =	 {A numerical instability in an {{ADI}} algorithm for
                  gyrokinetics},
  journal =	 cpc,
  volume =	 172,
  pages =	 119,
  doi =		 {doi.org/10.1016/j.cpc.2005.06.007},
  year =	 2005
}

@Article{	  belli:2008,
  author =	 {E.A. Belli and J. Candy},
  title =	 {Kinetic Calculation of Neoclassical Transport
                  Including Self-Consistent Electron and Impurity
                  Dynamics},
  journal =	 ppcf,
  volume =	 50,
  pages =	 095010,
  doi =		 {doi.org/10.1088/0741-3335/50/9/095010},
  year =	 2008
}

@Article{	  belli:2008b,
  author =	 {E.A. Belli and G.W. Hammett and W. Dorland},
  title =	 {Effects of plasma shaping on nonlinear gyrokinetic
                  turbulence},
  journal =	 pop,
  volume =	 15,
  pages =	 092303,
  doi =		 {doi.org/10.1063/1.2972160},
  year =	 2008
}

@Article{	  belli:2009,
  author =	 {E.A. Belli and J. Candy},
  title =	 {An {{Eulerian}} method for the solution of the
                  multi-species drift-kinetic equation},
  journal =	 ppcf,
  volume =	 51,
  pages =	 075018,
  doi =		 {doi.org/10.1088/0741-3335/51/7/075018},
  year =	 2009
}

@Article{	  belli:2010,
  author =	 {E.A. Belli and J. Candy},
  title =	 {Fully electromagnetic gyrokinetic eigenmode analysis
                  of high-beta shaped plasmas},
  journal =	 pop,
  volume =	 17,
  pages =	 112314,
  doi =		 {doi.org/10.1063/1.3495976},
  year =	 2010
}

@Article{	  belli:2012,
  author =	 {E.A. Belli and J. Candy},
  title =	 {Full linearized {{Fokker-Planck}} collisions in
                  neoclassical transport simulations},
  journal =	 ppcf,
  volume =	 54,
  pages =	 015015,
  doi =		 {doi.org/10.1088/0741-3335/54/1/015015},
  year =	 2012
}

@Article{	  belli:2014,
  author =	 {E.A. Belli and J. Candy},
  title =	 {Limitations of bootstrap current models},
  journal =	 ppcf,
  volume =	 56,
  pages =	 045006,
  doi =		 {doi.org/10.1088/0741-3335/56/4/045006},
  year =	 2014
}

@Article{	  belli:2014b,
  author =	 {E.A. Belli and J. Candy},
  title =	 {{{Pfirsch-Schl\"uter}} Neoclassical Impurity
                  Transport in a Rotating Plasma},
  journal =	 ppcf,
  volume =	 56,
  pages =	 124005,
  doi =		 {doi.org/10.1088/0741-3335/56/12/124002},
  year =	 2014
}

@Article{	  belli:2015,
  author =	 {E.A. Belli and J. Candy},
  title =	 {Neoclassical transport in toroidal plasmas with
                  nonaxisymmetric flux surfaces},
  journal =	 ppcf,
  volume =	 57,
  pages =	 054012,
  doi =		 {doi.org/10.1088/0741-3335/57/5/054012},
  year =	 2015
}

@Article{	  belli:2017,
  author =	 {E.A. Belli and J. Candy},
  title =	 {Implications of advanced collision operators for
                  gyrokinetic simulation},
  journal =	 ppcf,
  volume =	 59,
  pages =	 045005,
  doi =		 {doi.org/10.1088/1361-6587/aa5c94},
  year =	 2017
}

@Article{	  belli:2018,
  author =	 {E.A. Belli and J. Candy},
  title =	 {Impact of centrifugal drifts on ion turbulent
                  transport},
  journal =	 pop,
  volume =	 25,
  pages =	 032301,
  doi =		 {doi.org/10.1063/1.5020298},
  year =	 2018
}

@Article{	  belli:2019,
  author =	 {E.A. Belli and J. Candy and R.E. Waltz},
  title =	 {Reversal of turbulent {{GyroBohm}} isotope scaling
                  due to nonadiabatic electron drive},
  journal =	 pop,
  volume =	 26,
  pages =	 082305,
  doi =		 {doi.org/10.1063/1.5110401},
  year =	 2019
}

@Article{	  belli:2020,
  author =	 {E.A. Belli and J. Candy and R.E. Waltz},
  title =	 {Reversal of simple hydrogenic isotope scaling laws
                  in tokamak edge turbulence},
  journal =	 prl,
  volume =	 125,
  pages =	 015001,
  doi =		 {doi.org/10.1103/PhysRevLett.125.015001},
  year =	 2020
}

@Article{	  belli:2021,
  author =	 {E.A. Belli and J. Candy},
  title =	 {Asymmetry between deuterium and tritium turbulent
                  particle flows},
  journal =	 pop,
  volume =	 28,
  pages =	 062301,
  doi =		 {doi.org/10.1063/5.0048620},
  year =	 2021
}

@Article{	  belli:2022,
  author =	 {E.A. Belli and J. Candy and I. Sfiligoi and
                  F. W\"urthwein},
  title =	 {Comparing single-node and multi-node performance of
                  an important fusion {{HPC}} code benchmark},
  journal =	 {PEARC '22: Practice and Experience in Advanced
                  Research Computing},
  pages =	 1,
  doi =		 {doi.org/10.1145/3491418.3535130},
  year =	 2022
}

@article{belli:2023,
  author =	 {E.A. Belli and J. Candy and I. Sfiligoi},
  journal =	 {Plasma Phys. Control. Fusion},
  pages =	 024001,
  title =	 {Spectral transition of multiscale turbulence in the
                  tokamak pedestal},
  volume =	 65,
  year =	 2023,
  doi =		 {doi.org/10.1088/1361-6587/aca9fa},
}

@Article{	  bravenec:2011,
  author =	 {R.V. Bravenec and J. Candy and M. Barnes and
                  C. Holland},
  title =	 {Linear and nonlinear verification of gyrokinetic
                  microstability codes},
  journal =	 pop,
  volume =	 18,
  pages =	 122505,
  year =	 2011
}

@Article{	  candy:2003,
  author =	 {J. Candy and R.E. Waltz},
  title =	 {An {E}ulerian gyrokinetic-{M}axwell solver},
  journal =	 jcp,
  volume =	 186,
  pages =	 545,
  doi =		 {doi.org/10.1016/S0021-9991(03)00079-2},
  year =	 2003
}

@Article{	  candy:2003b,
  author =	 {J. Candy and R.E. Waltz},
  title =	 {Anomalous Transport in the {{DIII-D}} Tokamak
                  Matched by Supercomputer Simulation},
  journal =	 prl,
  volume =	 91,
  pages =	 {045001-1},
  doi =		 {doi.org/10.1103/PhysRevLett.91.045001},
  year =	 2003
}

@Article{	  candy:2004,
  author =	 {J. Candy and R.E. Waltz and W. Dorland},
  title =	 {The local limit of global gyrokinetic simulations},
  journal =	 pop,
  volume =	 11,
  pages =	 {L25},
  year =	 2004,
  doi =		 {doi.org/10.1063/1.1695358}
}

@Article{	  candy:2004a,
  author =	 {J. Candy and R.E. Waltz and W. Dorland},
  title =	 {The local limit of global gyrokinetic simulations},
  journal =	 pop,
  volume =	 11,
  pages =	 {L25},
  doi =		 {doi.org/10.1063/1.1695358},
  year =	 2004
}

@Article{	  candy:2004b,
  author =	 {J. Candy and R.E. Waltz and M.N. Rosenbluth},
  title =	 {Smooothness of turbulent transport across a
                  {{minimum-$q$}} surface},
  journal =	 pop,
  volume =	 11,
  pages =	 1879,
  doi =		 {doi.org/10.1063/1.1689967},
  year =	 2004
}

@Article{	  candy:2005,
  author =	 {J. Candy},
  title =	 {Beta scaling of transport in microturbulence
                  simulations},
  journal =	 pop,
  volume =	 12,
  pages =	 072307,
  doi =		 {doi.org/10.1063/1.1954123},
  year =	 2005
}

@Article{	  candy:2006,
  author =	 {J. Candy and R.E. Waltz},
  title =	 {Velocity-space resolution, entropy production and
                  upwind dissipation in {{Eulerian}} gyrokinetic
                  simulations},
  journal =	 pop,
  volume =	 13,
  pages =	 032310,
  doi =		 {doi.org/10.1063/1.2184069},
  year =	 2006
}

@Article{	  candy:2006b,
  author =	 {J. Candy and R.E. Waltz and S.E. Parker and Y. Chen},
  title =	 {Relevance of the parallel nonlinearity in
                  gyrokinetic simulations of tokamak plasmas},
  journal =	 pop,
  volume =	 13,
  pages =	 074501,
  doi =		 {doi.org/10.1063/1.2220536},
  year =	 2006
}

@TechReport{	  candy:2006c,
  author =	 {J. Candy and R.E. Waltz},
  title =	 {Coupled {{ITG/TEM-ETG}} gyrokinetic simulations},
  institution =	 {General Atomics Report GA-A25566},
  year =	 2006,
  month =	 {August}
}

@Article{	  candy:2007,
  author =	 {J. Candy and R.E. Waltz and M.R. Fahey and
                  C. Holland},
  title =	 {The effect of ion-scale dynamics on
                  electron-temperature-gradient turbulence},
  journal =	 ppcf,
  volume =	 49,
  pages =	 1209,
  doi =		 {doi.org/10.1088/0741-3335/49/8/008},
  year =	 2007
}

@Article{	  candy:2007b,
  author =	 {J. Candy and R.E. Waltz and M.R. Fahey and
                  C. Holland},
  title =	 {Plasma microturbulence simulation of instabilities
                  at highly disparate scales},
  journal =	 jpcon,
  volume =	 78,
  pages =	 012008,
  doi =		 {doi.org/10.1088/1742-6596/78/1/012008},
  year =	 2007
}

@Article{	  candy:2009,
  author =	 {J. Candy and C. Holland and R.E. Waltz and
                  M.R. Fahey and E. Belli},
  title =	 {Tokamak profile prediction using direct gyrokinetic
                  and neoclassical simulation},
  journal =	 pop,
  volume =	 16,
  pages =	 060704,
  doi =		 {doi.org/10.1063/1.3167820},
  year =	 2009
}

@Article{	  candy:2009b,
  author =	 {J. Candy},
  title =	 {A unified method for operator evaluation in local
                  {{Grad-Shafranov}} plasma equilibria},
  journal =	 ppcf,
  volume =	 51,
  pages =	 105009,
  doi =		 {doi.org/10.1088/0741-3335/51/10/105009},
  year =	 2009
}

@Article{	  candy:2010,
  author =	 {J. Candy and E. Belli},
  title =	 {{{GYRO Technical Guide}}},
  journal =	 {General Atomics Technical Report},
  volume =	 {GA-A26818},
  year =	 2010
}

@Article{	  candy:2011,
  author =	 {J. Candy and E.A. Belli},
  title =	 {Neoclassical Transport Including Collisional
                  Nonlinearity},
  journal =	 prl,
  volume =	 106,
  pages =	 235003,
  doi =		 {doi.org/10.1103/PhysRevLett.106.235003},
  year =	 2011
}

@Article{	  candy:2013,
  author =	 {J. Candy},
  title =	 {Turbulent energy exchange: Calculation and relevance
                  for profile prediction},
  journal =	 pop,
  volume =	 20,
  pages =	 082503,
  doi =		 {doi.org/10.1063/1.4817820},
  year =	 2013
}

@Article{	  candy:2015,
  author =	 {J. Candy and E.A. Belli},
  title =	 {Nonaxisymmetric local magnetostatic equilibrium},
  journal =	 jpp,
  volume =	 81,
  pages =	 905810323,
  doi =		 {doi.org/10.1017/S0022377815000264},
  year =	 2015
}

@Article{	  candy:2015b,
  author =	 {J. Candy and G. Staebler and C.H. Holland and P.B.
                  Snyder},
  title =	 {{TGLF Recalibration for ITER Standard Case
                  Parameters}},
  journal =	 {General Atomics Internal Report},
  volume =	 {GA-A28239},
  year =	 2015
}

@Article{	  candy:2016,
  author =	 {J. Candy and E.A. Belli and R.V. Bravenec},
  title =	 {A high-accuracy {{Eulerian}} gyrokinetic solver for
                  collisional plasmas},
  journal =	 jcp,
  volume =	 324,
  pages =	 73,
  doi =		 {doi.org/10.1016/j.jcp.2016.07.039},
  year =	 2016
}

@Article{	  candy:2018,
  author =	 {J. Candy and E.A. Belli},
  title =	 {Spectral treatment of gyrokinetic shear flow},
  journal =	 jcp,
  volume =	 356,
  pages =	 448,
  doi =		 {doi.org/10.1016/j.jcp.2017.12.020},
  year =	 2018
}

@Article{	  candy:2019,
  author =	 {J. Candy and I. Sfiligoi and E. Belli and
                  K. Hallatschek and C. Holland and N. Howard and
                  E.D`Azevedo},
  title =	 {Multiscale-optimized plasma turbulence simulation on
                  petascale architectures},
  journal =	 cf,
  volume =	 188,
  pages =	 125,
  doi =		 {doi.org/10.1016/j.compfluid.2019.04.016},
  year =	 2019
}

@Article{	  candy:2020,
  author =	 {J. Candy and E.A. Belli and G. Staebler},
  title =	 {Spectral treatment of gyrokinetic profile curvature},
  journal =	 ppcf,
  volume =	 62,
  pages =	 042001,
  doi =		 {doi.org/10.1088/1361-6587/ab759c},
  year =	 2020
}

@Article{	  chen:2003,
  author =	 {Y. Chen and S.E. Parker and B.I. Cohen and
                  A.M. Dimits and W.M. Nevins and D. Schumaker and
                  V.K. Decyk and J.N. Leboeuf},
  title =	 {Simulations of turbulent transport with kinetic
                  electrons and electromagnetic effects},
  journal =	 nf,
  volume =	 43,
  pages =	 1121,
  year =	 2003
}

@Article{	  chowdhury:2014,
  author =	 {J. Chowdhury and W. Wan and Y. Chen and S.E. Parker
                  and R.J. Groebner and C. Holland and N.T. Howard},
  title =	 {Study of the L-mode tokamak plasma “shortfall” with
                  local and global nonlinear gyrokinetic $\delta f$
                  particle-in-cell simulation},
  journal =	 pop,
  volume =	 21,
  pages =	 112503,
  year =	 2014
}

@Book{		  dhaeseleer:1991,
  author =	 {W.D. Dhaeseleer and W.N.G. Hitchon and J.D. Callen
                  and J.L. Shohet},
  title =	 {Flux coordinates and magnetic field structure},
  publisher =	 {Springer-Verlag},
  address =	 {Berlin},
  year =	 1991
}

@Article{	  dimits:1996,
  author =	 {A.M. Dimits and T.J. Williams and J.A. Byers and
                  B.I.  Cohen},
  title =	 {Scalings of Ion-Temperature-Gradient-Driven
                  Anomalous Transport in Tokamaks},
  journal =	 prl,
  volume =	 77,
  pages =	 71,
  year =	 1996
}

@Article{	  dong:1995,
  author =	 {J.Q. Dong and W. Horton},
  title =	 {Study of impurity mode and ion temperature gradient
                  mode in toroidal plasmas},
  journal =	 pop,
  volume =	 2,
  pages =	 3412,
  year =	 1995
}

@Article{	  dorland:1993,
  author =	 {W. Dorland and G.W. Hammett},
  title =	 {Gyrofluid turbulence models with kinetic effects},
  journal =	 pfb,
  volume =	 5,
  pages =	 812,
  year =	 1993
}

@Article{	  dorland:2000,
  author =	 {W. Dorland and F. Jenko and M. Kotschenreuther and
                  B.N.  Rogers},
  title =	 {Electron temperature gradient turbulence},
  journal =	 prl,
  volume =	 85,
  pages =	 5579,
  year =	 2000
}

@Article{dudding:2022a,
  author =	 {H.G. Dudding and F.J. Casson and D. Dickinson and
                  B.S. Patel and C.M. Roach and E.A. Belli and
                  G.M. Staebler},
  doi =		 {10.1088/1741-4326/ac7a4d},
  journal =	 {Nuclear Fusion},
  number =	 9,
  pages =	 096005,
  title =	 {A new quasilinear saturation rule for tokamak
                  turbulence with application to the isotope scaling
                  of transport},
  volume =	 62,
  year =	 2022
}

@phdthesis{dudding:2022b,
  author =	 {Harry George Dudding},
  month =	 {October},
  school =	 {University of York},
  title =	 {A new quasilinear saturation rule for tokamak
                  turbulence},
  url =		 {https://etheses.whiterose.ac.uk/32664/},
  year =	 2022
}

@Article{	  estrada:2005,
  author =	 {C. Estrada-Mila and J. Candy and R.E. Waltz},
  title =	 {Gyrokinetic simulations of ion and impurity
                  transport},
  journal =	 pop,
  volume =	 12,
  pages =	 022305,
  year =	 2005
}

@Article{	  estrada:2006,
  author =	 {C. Estrada-Mila and J. Candy and R.E. Waltz},
  title =	 {Density peaking and turbulent pinch in {{DIII-D}}
                  discharges},
  journal =	 pop,
  volume =	 13,
  pages =	 074505,
  year =	 2006
}

@Article{	  estrada:2006b,
  author =	 {C. Estrada-Mila and J. Candy and R.E. Waltz},
  title =	 {Turbulent transport of alpha particles and helium
                  ash in reactor plasmas},
  journal =	 pop,
  volume =	 13,
  pages =	 112303,
  year =	 2006
}

@InProceedings{	  fahey:2004,
  author =	 {M.R. Fahey and J. Candy},
  title =	 {{{GYRO: A 5-D gyrokinetic-Maxwell solver}}},
  booktitle =	 {ACM/IEEE Proceedings of SC2004: High Performance
                  Computing, Networking and Storage (Pittsburgh, PA)},
  year =	 2004
}

@Article{	  grierson:2018,
  title =	 {{Multi-scale transport in the DIII-D ITER baseline
                  scenario with direct electron heating and projection
                  to ITER}},
  author =	 {B.A. Grierson and G.M. Staebler and W.M. Solomon and
                  G.R. McKee and C. Holland and M. Austin and
                  A. Marinoni and L. Schmitz and R.I. Pinsker and
                  DIII-D Team},
  journal =	 pop,
  number =	 2,
  pages =	 022509,
  volume =	 25,
  year =	 2018
}

@Article{	  görler:2014,
  author =	 {T. Görler and A.E. White and D. Told and F. Jenko
                  and C. Holland and T.L. Rhodes},
  title =	 {A flux-matched gyrokinetic analysis of DIII-D L-mode
                  turbulence},
  journal =	 pop,
  volume =	 21,
  pages =	 122307,
  year =	 2014,
  doi =		 {10.1063/1.4904301}
}

@InProceedings{	  hammett:1994,
  author =	 {G.W. Hammett and M.A. Beer and J.C. Cummings and W.
                  Dorland and W.W. Lee and H.E. Mynick and S.E. Parker
                  and R.A. Santoro and M. Artun and H.P. Furth and
                  T.S. Hahm and G. Rewoldt and W.M. Tang and
                  R.E. Waltz and G.D. Kerbel and J.L. Milovich},
  title =	 {Advances in Simulating Tokamak Turbulent Transport},
  booktitle =	 {Proceedings of the 15th IAEA Fusion Energy
                  Conference, Seville, Spain, 1994},
  pages =	 {Vol III, p.~273},
  year =	 1994
}

@Article{	  hinton:1985,
  author =	 {F.L. Hinton and S.K. Wong},
  title =	 {Neoclassical ion transport in rotating axisymmetric
                  plasmas},
  journal =	 pf,
  volume =	 28,
  pages =	 3082,
  year =	 1985,
  doi =		 {10.1063/1.865350}
}

@Article{	  hinton:2004,
  author =	 {F.L. Hinton and R.E. Waltz and J. Candy},
  title =	 {Effect of electromagnetic turbulence in the
                  neoclassical {{Ohm's}} law},
  journal =	 pop,
  volume =	 11,
  pages =	 2433,
  year =	 2004
}

@Article{	  hinton:2006,
  author =	 {F.L. Hinton and R.E. Waltz},
  title =	 {Gyrokinetic turbulent heating},
  journal =	 pop,
  volume =	 13,
  pages =	 102301,
  year =	 2006
}

@Article{	  holland:2004,
  author =	 {C. Holland and P.H. Diamond},
  title =	 {A simple model of interactions between electron
                  temperature gradient and drift-wave turbulence},
  journal =	 pop,
  volume =	 11,
  pages =	 1043,
  year =	 2004
}

@Article{	  holland:2008,
  author =	 {C. Holland and J. Candy and R.E Waltz and A.E. White
                  and G.R. McKee and M.W. Shafer and L. Schmitz and
                  G.R Tynan},
  title =	 {Validating simulations of core tokamak turbulence:
                  current status and future directions},
  journal =	 jpcon,
  volume =	 125,
  pages =	 012043,
  year =	 2008
}

@Article{	  holland:2009,
  author =	 {C. Holland and A.E. White and G.R. McKee and
                  M.W. Shafer and J. Candy and R.E Waltz and
                  L. Schmitz and G.R Tynan},
  title =	 {Implementation and application of two synthetic
                  diagnostics for validating simulations of core
                  tokamak turbulence},
  journal =	 pop,
  volume =	 16,
  pages =	 052301,
  year =	 2009
}

@Article{	  holland:2011,
  author =	 {C. Holland and L. Schmitz and T.L. Rhodes and
                  W.A. Peebles and J.C. Hillesheim and G. Wang and
                  L. Zeng and E.J. Doyle and S.P. Smith and R. Prater
                  and K.H. Burrell and J. Candy and R.E. Waltz and
                  J.E. Kinsey and G.M. Staebler and J.C.  DeBoo and
                  C.C. Petty and G.R. McKee and Z. Yan and A.E.
                  White},
  title =	 {Advances in validating gyrokinetic turbulence
                  simulations against {{L- and H-mode}} plasmas},
  journal =	 pop,
  volume =	 18,
  pages =	 056113,
  year =	 2011
}

@Article{	  holland:2012,
  author =	 {C. Holland and C.C. Petty and L. Schmitz and
                  K.H. Burrell and G.R. McKee and T.L. Rhodes and
                  J. Candy},
  title =	 {Progress in {{GYRO validation studies of DIII-D
                  H-mode}} plasmas},
  journal =	 nf,
  volume =	 52,
  pages =	 114007,
  year =	 2012
}

@Article{	  holland:2016,
  author =	 {C. Holland},
  title =	 {Validation metrics for turbulent plasma transport},
  journal =	 pop,
  volume =	 23,
  pages =	 060901,
  year =	 2016
}

@Article{	  holland:2017,
  author =	 {C. Holland and N.T. Howard and B.A. Grierson},
  title =	 {Gyrokinetic predictions of multiscale transport in a
                  {{DIII-D ITER}} baseline discharge},
  journal =	 nf,
  volume =	 57,
  pages =	 066043,
  year =	 2017
}

@Article{	  horton:1999,
  author =	 {W. Horton},
  title =	 {Drift waves and transport},
  journal =	 rmp,
  volume =	 71,
  pages =	 735,
  year =	 1999
}

@Article{	  horton:2005,
  author =	 {W. Horton and H.V. Wong and P.J. Morrison and
                  A. Wurm and J.H. Kim and J.C. Perez and J. Prat and
                  G.T. Hoang and B.P.  LeBlanc and R. Bell},
  title =	 {Temperature gradient driven electron transport in
                  {{NSTX}} and {{Tore Supra}}},
  journal =	 nf,
  volume =	 45,
  pages =	 976,
  year =	 2005
}

@Article{	  houlberg:1997,
  author =	 {W.A. Houlberg and K.C. Shaing and S.P. Hirshman and
                  M.C.  Zarnstorff},
  journal =	 pop,
  volume =	 4,
  pages =	 3230,
  year =	 1997
}

@Article{	  howard:2012,
  author =	 {N.T. Howard and M. Greenwald and D.R. Mikkelsen and
                  M.L.  Reinke and A.E. White and D. Ernst and
                  Y. Podpaly and J. Candy},
  title =	 {Quantitative comparison of experimental impurity
                  transport with nonlinear gyrokinetic simulation in
                  an {{Alcator C-Mod L-mode}} plasma},
  journal =	 nf,
  volume =	 52,
  pages =	 063002,
  year =	 2012
}

@Article{	  howard:2013,
  author =	 {N.T. Howard and A.E. White and M. Greenwald and
                  M.L. Reinke and J. Walk and C. Holland and J. Candy
                  and T. G\"orler},
  title =	 {Investigation of the transport shortfall in Alcator
                  C-Mod L-mode plasmas},
  journal =	 pop,
  volume =	 20,
  pages =	 032510,
  year =	 2013
}

@Article{	  howard:2014a,
  author =	 {N.T. Howard and A.E. White and M. Greenwald and
                  C. Holland and J. Candy and J.E. Rice},
  title =	 {Impurity transport, turbulence transitions, and
                  intrinsic rotation in Alcator {{C-Mod}} plasmas},
  journal =	 ppcf,
  volume =	 56,
  pages =	 124004,
  year =	 2014
}

@Article{	  howard:2014b,
  author =	 {N.T. Howard and C. Holland and A.E. White and
                  M. Greenwald and J. Candy},
  title =	 {Synergistic Cross-Scale Coupling of Turbulence in a
                  Tokamak Plasma},
  journal =	 pop,
  volume =	 21,
  pages =	 112510,
  year =	 2014
}

@Article{	  howard:2016,
  author =	 {N.T. Howard and C. Holland and A.E. White and
                  M. Greenwald and J. Candy and A.J. Creely},
  title =	 {Multi-scale gyrokinetic simulations: Comparison with
                  experiment and implications for predicting
                  turbulence and transport},
  journal =	 pop,
  volume =	 23,
  pages =	 056109,
  year =	 2016
}

@Article{	  howard:2016b,
  author =	 {N.T. Howard and C. Holland and A.E. White and
                  M. Greenwald and J. Candy},
  title =	 {Multi-scale gyrokinetic simulation of tokamak
                  plasmas: enhanced heat loss due to cross-scale
                  coupling of plasma turbulence},
  journal =	 nf,
  volume =	 56,
  number =	 1,
  pages =	 014004,
  year =	 2016,
  doi =		 {10.1088/0029-5515/56/1/014004}
}

@Article{	  howard:2017,
  author =	 {N.T. Howard and C. Holland and A.E. White and
                  M. Greenwald and P. Rodriguez-Fernandez and J. Candy
                  and A.J. Creely},
  title =	 {{{Multi-scale gyrokinetic simulations of an Alcator
                  C-Mod, ELM-y H-mode plasma}}},
  journal =	 ppcf,
  volume =	 60,
  pages =	 014034,
  year =	 2017
}

@Article{	 kaye:2019,
  title =	 {{NSTX/NSTX-U theory, modeling and analysis results}},
  author =	 {S.M. Kaye and others},
  journal =	 nf,
  pages =	 112007,
  volume =	 59,
  year =	 2019
}

@Article{	  kinsey:2003,
  author =	 {J.E. Kinsey and G. Bateman and T. Onjun and
                  A.H. Kritz and A. Pankin and G.M. Staebler and
                  R.E. Waltz},
  title =	 {Burning plasma projections using drift-wave
                  transport models and scalings for the H-mode
                  pedestal},
  journal =	 nf,
  volume =	 43,
  pages =	 1845,
  year =	 2003
}

@Article{	  kinsey:2005,
  author =	 {J.E. Kinsey and R.E. Waltz and J. Candy},
  title =	 {Nonlinear gyrokinetic turbulence simulations of
                  {{E$\times$B}} shear quenching of transport},
  journal =	 pop,
  volume =	 12,
  pages =	 062302,
  year =	 2005
}

@Article{	  kinsey:2006,
  author =	 {J.E. Kinsey and R.E. Waltz and J. Candy},
  title =	 {The effect of safety factor and magnetic shear on
                  turbulent transport in nonlinear gyrokinetic
                  simulations},
  journal =	 pop,
  volume =	 13,
  pages =	 022305,
  year =	 2006
}

@Article{	  kinsey:2007,
  author =	 {J.E. Kinsey and R.E. Waltz and J. Candy},
  title =	 {The effect of plasma shaping on turbulent transport
                  and {{E$\times$B}} shear quenching in nonlinear
                  gyrokinetic simulations},
  journal =	 pop,
  volume =	 14,
  pages =	 102306,
  year =	 2007
}

@Article{kinsey:2008,
  author =	 {Kinsey,J. E. and Staebler,G. M. and Waltz,R. E.},
  doi =		 {10.1063/1.2889008},
  journal =	 pop,
  number =	 5,
  pages =	 055908,
  title =	 {{The first transport code simulations using the
                  trapped gyro-Landau-fluid model}},
  volume =	 15,
  year =	 2008
}

@Article{	  kinsey:2011,
  author =	 {J.E. Kinsey and G.M. Staebler and J. Candy and
                  R.E. Waltz and R.V. Budny},
  title =	 {{{ITER}} predictions using the {{GYRO}} verified and
                  experimentally validated trapped gyro-Landau fluid
                  transport model},
  journal =	 nf,
  volume =	 51,
  pages =	 083001,
  year =	 2011
}

@Article{	  kishimoto:2000,
  author =	 {Y. Kishimoto and J.-Y. Kim and W. Horton and
                  T. Tajima and M.J. LeBrun and S.A. Dettrick and
                  J.Q. Li and S. Shirai},
  title =	 {Discontinuity model for internal transport formation
                  in reversed magnetic shear plasmas},
  journal =	 nf,
  volume =	 40,
  pages =	 667,
  year =	 2000
}

@Article{	  kotschenreuther:1988,
  author =	 {M. Kotschenreuther},
  title =	 {Invited talk {{9I4}}},
  journal =	 baps,
  volume =	 33,
  pages =	 2107,
  year =	 1988
}

@Article{	  kotschenreuther:1995,
  title =	 {{Comparison of initial value and eigenvalue codes
                  for kinetic toroidal plasma instabilities}},
  author =	 {M. Kotschenreuther and G. Rewoldt and W.M. Tang},
  journal =	 cpc,
  year =	 1995,
  pages =	 128,
  volume =	 88,
  doi =		 {10.1016/0010-4655(95)00035-E}
}

@Article{	  krommes:1994,
  author =	 {J.A. Krommes and G. Hu},
  title =	 {The role of dissipation in the theory and
                  simulations of homogeneous plasma turbulence, and
                  resolution of the entropy paradox},
  journal =	 pop,
  volume =	 1,
  pages =	 3211,
  year =	 1994
}

@Article{	  krommes:1999,
  author =	 {J.A. Krommes},
  title =	 {Thermostatted delta-f},
  journal =	 pop,
  volume =	 6,
  pages =	 1477,
  year =	 1999
}

@Article{	  kruskal:1958,
  author =	 {M.D. Kruskal and R.M. Kulsrud},
  title =	 {Equilibrium of a magnetically confined plasma in a
                  toroid},
  journal =	 pf,
  volume =	 1,
  pages =	 265,
  year =	 1958
}

@Article{	  lin:2002,
  author =	 {Z. Lin and S. Ethier and T.S. Hahm and W.M. Tang},
  title =	 {Size Scaling of Turbulent Transport in Magnetically
                  Confined Plasmas},
  journal =	 prl,
  volume =	 88,
  pages =	 195004,
  year =	 2002
}

@Article{	  llin:2009,
  author =	 {L. Lin and M. Porkolab and E.M. Edlund and J.C. Rost
                  and C.L. Fiore and M. Greenwald and Y. Lin and
                  D.R. Mikkelsen and N. Tsujii and S J. Wukitch},
  title =	 {Studies of turbulence and transport in {{Alcator
                  C-Mod H-mode}} plasmas with phase contrast imaging
                  and comparisons with {{GYRO}}},
  journal =	 pop,
  volume =	 16,
  pages =	 012502,
  year =	 2009
}

@Article{	  nevins:2005,
  author =	 {W.M. Nevins and G.W. Hammett and A.M. Dimits and W.
                  Dorland and D.E. Shumaker},
  title =	 {Discrete particle noise in particle-in-cell
                  simulations of plasma microturbulence},
  journal =	 pop,
  volume =	 12,
  pages =	 122305,
  year =	 2005
}

@Article{	  nevins:2006,
  author =	 {W.M. Nevins and J. Candy and S. Cowley and
                  T. Dannert and A. Dimits and W. Dorland and
                  C. Estrada-Mila and G.W.  Hammett and F. Jenko and
                  M.J. Pueschel and D.E. Shumaker},
  title =	 {Characterizing electron temperature gradient
                  turbulence via numerical simulation},
  journal =	 pop,
  volume =	 13,
  pages =	 122306,
  year =	 2006
}

@Article{	  rosenbluth:1998,
  author =	 {M.N. Rosenbluth and F.L. Hinton},
  title =	 {Poloidal Flow Driven by Ion-Temperature-Gradient
                  Turbulence in Tokamaks},
  journal =	 prl,
  volume =	 80,
  pages =	 724,
  year =	 1998
}

@Article{	  snyder:2001,
  author =	 {P.B. Snyder and G.W. Hammett},
  title =	 {Electromagnetic effects on plasma microturbulence
                  and transport},
  journal =	 pop,
  volume =	 8,
  pages =	 744,
  year =	 2001
}

@Article{staebler:2007,
	author = {Staebler,G. M. and Kinsey,J. E. and Waltz,R. E.},,
	doi = {10.1063/1.2436852},
	journal = pop,
	number = {5},
	pages = {055909},
	title = {A theory-based transport model with comprehensive physics},
	volume = {14},
	year = {2007}
}

@Article{	  staebler:2005,
  author =	 {G.M. Staebler and J.E. Kinsey and R.E. Waltz},
  title =	 {{{Gyro-Landau}} fluid equations for trapped and
                  passing particles},
  journal =	 pop,
  volume =	 12,
  pages =	 102508,
  year =	 2005
}

@Article{	  staebler:2008,
  author =	 {G.M. Staebler and G. Colyer and S. Kaye and
                  J.E. Kinsey and R.E. Waltz},
  title =	 {Testing the {{Trapped Gyro-Landau Fluid}} transport
                  model with data from tokamaks and spherical tori},
  journal =	 {Proceedings of the 22nd IAEA Fusion Energy
                  Conference, Geneva, Switerland, 2008},
  pages =	 {TH/P8-42},
  year =	 2008
}

@Article{	  staebler:2010,
  author =	 {G.M. Staebler and J.E. Kinsey},
  title =	 {Electron collisions in the trapped gyro-Landau fluid
                  transport model},
  journal =	 pop,
  volume =	 17,
  pages =	 122309,
  year =	 2010
}

@Article{	  staebler:2011,
  author =	 {G.M. Staebler and R.E. Waltz and J.E. Kinsey},
  title =	 {Discoveries from the exploration of gyrokinetic
                  momentum transport},
  journal =	 pop,
  volume =	 18,
  pages =	 056106,
  year =	 2011
}

@Article{staebler:2013,
  author =	 {Staebler, G. M. and Waltz, R. E. and Candy, J. and
                  Kinsey, J. E.},
  doi =		 {10.1103/PhysRevLett.110.055003},
  issue =	 5,
  journal =	 {Phys. Rev. Lett.},
  numpages =	 5,
  pages =	 055003,
  title =	 {New Paradigm for Suppression of Gyrokinetic
                  Turbulence by Velocity Shear},
  volume =	 110,
  year =	 2013
}

@Article{staebler:2013b,
  author =	 {G.M. Staebler and J. Candy and R.E. Waltz and
                  J.E. Kinsey and W.M. Solomon},
  doi =		 {10.1088/0029-5515/53/11/113017},
  journal =	 {Nuclear Fusion},
  number =	 11,
  pages =	 113017,
  title =	 {A new paradigm for {E}x{B} velocity shear
                  suppression of gyro-kinetic turbulence and the
                  momentum pinch},
  volume =	 53,
  year =	 2013
}

@Article{staebler:2020,
	author = {G M Staebler and J Candy and E A Belli and J E Kinsey and N Bonanomi and B Patel},,
	doi = {10.1088/1361-6587/abc861},
	journal = {Plasma Physics and Controlled Fusion},
	number = {1},
	pages = {015013},
	publisher = {{IOP} Publishing},
	title = {Geometry dependence of the fluctuation intensity in gyrokinetic turbulence},
	volume = {63},
	year = 2020
}

@Article{staebler:2016,
  author =	 {Staebler,G. M. and Candy,J. and Howard,N. T. and
                  Holland,C.},
  doi =		 {10.1063/1.4954905},
  journal =	 pop,
  number =	 6,
  pages =	 062518,
  title =	 {The role of zonal flows in the saturation of
                  multi-scale gyrokinetic turbulence},
  volume =	 23,
  year =	 2016
}

@Article{staebler:2021,
  author =	 {G.M. Staebler and E. A. Belli and J. Candy and
                  J.E. Kinsey and H. Dudding and B. Patel},
  doi =		 {10.1088/1741-4326/ac243a},
  journal =	 {Nuclear Fusion},
  number =	 11,
  pages =	 116007,
  publisher =	 {{IOP} Publishing},
  title =	 {Verification of a quasi-linear model for gyrokinetic
                  turbulent transport},
  volume =	 61,
  year =	 2021
}

@Article{	  sugama:1996,
  author =	 {H. Sugama {\it et al.}},
  journal =	 pop,
  volume =	 3,
  pages =	 2379,
  year =	 1996
}

@Article{	  sugama:1997,
  author =	 {H. Sugama and W. Horton},
  title =	 {Neoclassical electron and ion transport in
                  toroidally rotating plasmas},
  journal =	 pop,
  volume =	 4,
  pages =	 2215,
  year =	 1997
}

@Article{	  sugama:1997b,
  author =	 {H. Sugama and W. Horton},
  title =	 {Transport processes and entropy production in
                  toroidally rotating plasmas with electrostatic
                  turbulence},
  journal =	 pop,
  volume =	 4,
  pages =	 405,
  year =	 1997
}

@Article{	  sugama:1998,
  author =	 {H. Sugama and W. Horton},
  title =	 {Nonlinear electromagnetic gyrokinetic equation for
                  plasmas with large mean flows},
  journal =	 pop,
  volume =	 5,
  pages =	 2560,
  year =	 1998
}

@Article{	  sugama:1999,
  author =	 {H. Sugama},
  title =	 {Damping of toroidal ion temperature gradient modes},
  journal =	 pop,
  volume =	 6,
  pages =	 3527,
  year =	 1999
}

@Article{	  sugama:2002,
  author =	 {H. Sugama and S. Nishimura},
  title =	 {How to calculate the neoclassical viscosity,
                  diffusion, and current coefficients in general
                  toroidal plasmas},
  journal =	 pop,
  volume =	 9,
  pages =	 4637,
  year =	 2002
}

@Article{	  sugama:2009,
  author =	 {H. Sugama and T.-H. Watanabe and M. Nunami},
  title =	 {Linearized model collision operators for multiple
                  ion species plasmas and gyrokinetic entropy balance
                  equations},
  journal =	 pop,
  volume =	 16,
  pages =	 112503,
  year =	 2009
}

@Article{	  sugama:2011,
  author =	 {H. Sugama and T.-H. Watanabe and M. Nunami and S.
                  Nishimura},
  title =	 {Momentum balance and radial electric fields in
                  axisymmetric and nonaxisymmetric toroidal plasmas},
  journal =	 ppcf,
  volume =	 53,
  pages =	 024004,
  year =	 2011
}

@Article{	  thome:2021,
  title =	 {{Response of thermal and fast-ion transport to beam
                  ion population, rotation and Te/Ti in the DIII-D
                  steady state hybrid scenario}},
  author =	 {K.E. Thome and X.D. Du and B.A. Grierson and
                  G.J. Kramer and C.C. Petty and C. Holland and
                  M. Knolker and G.R. McKee and J. McClenaghan and
                  D.C. Pace and T.L. Rhodes and S.P. Smith and C. Sung
                  and F. Turco and M.A. Van Zeeland and L. Zeng and
                  Y.B. Zhu},
  journal =	 nf,
  pages =	 036036,
  volume =	 61,
  year =	 2021
}

@InProceedings{	  vetter:2005,
  author =	 {J.S. Vetter and S. Alam and T.H. Dunigan, Jr. and
                  M.R.  Fahey and P.C. Roth and P. Worley},
  title =	 {Early Evaluation of the Cray XT3 at ORNL},
  booktitle =	 {Proceedings of the 47th Cray User Group Conference,
                  Knoxville, TN, May 16-19},
  year =	 2005
}

@Article{	  waltz:1980,
  author =	 {R.E. Waltz and W. Pfeiffer and R.R. Dominguez},
  title =	 {Electrostatic drift waves in tokamaks: a numerical
                  study of instability and transport},
  journal =	 nf,
  volume =	 20,
  pages =	 43,
  year =	 1980
}

@Article{	  waltz:1989,
  author =	 {R.E. Waltz and R.R. Dominguez},
  title =	 {Note on detailed models for trapped electron
                  transport in tokamaks},
  journal =	 pfb,
  volume =	 1,
  pages =	 1935,
  year =	 1989
}

@Article{	  waltz:1990,
  title =	 {{Magnetic-field scaling of dimensionally similar
                  tokamak discharges}},
  author =	 {R.E. Waltz and J.C. DeBoo and M.N. Rosenbluth},
  journal =	 prl,
  pages =	 2390,
  volume =	 65,
  year =	 1990,
  doi =		 {10.1103/PhysRevLett.65.2390}
}

@Article{	  waltz:1992,
  author =	 {R.E. Waltz and R.R. Dominguez and G.W. Hammett},
  title =	 {Gyro-Landau fluid models for toroidal geometry},
  journal =	 pfb,
  volume =	 4,
  pages =	 3138,
  year =	 1992
}

@Article{	  waltz:1992b,
  title =	 {{Modelling of almost dimensionally similar
                  discharges}},
  author =	 {R.E. Waltz and J.C. DeBoo and T.H. Osborne},
  journal =	 {Nuclear Fusion},
  year =	 1992,
  number =	 6,
  pages =	 1051,
  volume =	 32,
}

@Article{	  waltz:1994,
  author =	 {R.E. Waltz and G.R. Kerbel and J. Milovich},
  title =	 {Toroidal gyro-Landau fluid model turbulence
                  simulations in a nonlinear ballooning mode
                  representation with radial modes},
  journal =	 pop,
  volume =	 1,
  pages =	 2229,
  year =	 1994
}

@Article{	  waltz:1995,
  author =	 {R.E. Waltz and G.R. Kerbel and J. Milovich and G.W.
                  Hammett},
  title =	 {Advances in the simulation of toroidal gyro-Landau
                  fluid model turbulence},
  journal =	 pop,
  volume =	 2,
  pages =	 2408,
  year =	 1995
}

@Article{	  waltz:1997,
  author =	 {R.E. Waltz and G.M. Staebler and W. Dorland and G.W.
                  Hammett and M. Kotschenreuther and J.A. Konings},
  title =	 {A gyro-Landau fluid transport model},
  journal =	 pop,
  volume =	 4,
  pages =	 2482,
  year =	 1997
}

@Article{	  waltz:1998,
  author =	 {R.E. Waltz and R.L. Dewar and X. Garbet},
  title =	 {Theory and simulation of rotational shear
                  stabilization of turbulence},
  journal =	 pop,
  volume =	 5,
  pages =	 1784,
  year =	 1998
}

@Article{	  waltz:1999,
  author =	 {R.E. Waltz and R.L. Miller},
  title =	 {Ion temperature gradient turbulence simulations and
                  plasma flux surface shape},
  journal =	 pop,
  volume =	 6,
  pages =	 4265,
  year =	 1999
}

@Article{	  waltz:2002,
  author =	 {R.E. Waltz and J. Candy and M.N. Rosenbluth},
  title =	 {Gyrokinetic turbulence simulation of profile shear
                  stabilization and broken gyroBohm scaling},
  journal =	 pop,
  volume =	 9,
  pages =	 1938,
  year =	 2002
}

@Article{	  waltz:2005,
  author =	 {R.E. Waltz and J. Candy and F.L. Hinton and C.
                  Estrada-Mila and J.E. Kinsey},
  title =	 {Advances in comprehensive simulations of transport
                  in tokamaks},
  journal =	 nf,
  volume =	 45,
  pages =	 741,
  year =	 2005
}

@Article{	  waltz:2005b,
  author =	 {R.E. Waltz and J. Candy},
  title =	 {Heuristic theory of nonlocally broken gyroBohm
                  scaling},
  journal =	 pop,
  volume =	 12,
  pages =	 072303,
  year =	 2005
}

@Article{	  waltz:2005c,
  author =	 {R.E. Waltz},
  title =	 {Rho-star scaling and physically realistic
                  gyrokinetic simulations of transport in {{DIII-D}}},
  journal =	 fst,
  volume =	 48,
  pages =	 1051,
  year =	 2005
}

@Article{	  waltz:2006,
  author =	 {R.E. Waltz and J. Candy and C.C. Petty},
  title =	 {Projected profile similarity in gyrokinetic
                  simulations of {{Bohm and gyroBohm scaled DIII-D L
                  and H}} modes},
  journal =	 pop,
  volume =	 13,
  pages =	 072304,
  year =	 2006
}

@Article{	  waltz:2006a,
  author =	 {R.E. Waltz and M.E. Austin and K.H. Burrell and
                  J. Candy},
  title =	 {Gyrokinetic simulations of off-axis minimum-q
                  profile corrugations},
  journal =	 pop,
  volume =	 12,
  pages =	 052301,
  year =	 2006
}

@Article{	  waltz:2007,
  author =	 {R.E. Waltz and J. Candy and M. Fahey},
  title =	 {Coupled ion temperature gradient and trapped
                  electron mode to electron temperature gradient mode
                  gyrokinetic simulations},
  journal =	 pop,
  volume =	 14,
  pages =	 056116,
  year =	 2007
}

@Article{	  waltz:2007b,
  author =	 {R.E. Waltz and G.M. Staebler and J. Candy and
                  F.L. Hinton},
  title =	 {Gyrokinetic theory and simulation of angular
                  momentum transport},
  journal =	 pop,
  volume =	 14,
  pages =	 122507,
  year =	 2007
}

@Article{	  waltz:2008,
  author =	 {R.E. Waltz and G.M. Staebler},
  title =	 {Gyrokinetic theory and simulation of turbulent
                  energy exchange},
  journal =	 pop,
  volume =	 15,
  pages =	 014505,
  year =	 2008
}

@Article{	  waltz:2008b,
  author =	 {R.E. Waltz and C. Holland},
  title =	 {Numerical Experiments on the Drift Wave-Zonal Flow
                  Paradigm for Nonlinear Saturation},
  journal =	 pop,
  volume =	 15,
  pages =	 122503,
  year =	 2008
}

@Article{	  waltz:2010,
  author =	 {R.E. Waltz},
  title =	 {Nonlinear subcritical magnetohydrodynamic beta
                  limit},
  journal =	 pop,
  volume =	 17,
  pages =	 072501,
  year =	 2010
}

@Article{	  waltz:2011,
  author =	 {R.E. Waltz and G.M. Staebler and W.M. Solomon},
  title =	 {Gyrokinetic simulation of momentum transport with
                  residual stress from diamagnetic level velocity
                  shears},
  journal =	 pop,
  volume =	 18,
  pages =	 042504,
  year =	 2011
}

@Article{	  waltz:2012,
  author =	 {R.E. Waltz},
  title =	 {{Search for the Missing L-mode Edge Transport and
                  Possible Breakdown of Gyrokinetics}},
  journal =	 {Bulletin of the American Physical Society},
  year =	 2012,
  volume =	 57,
  publisher =	 {APS}
}

@Article{	  white:2008,
  title =	 {{Measurements of core electron temperature and
                  density fluctuations in DIII-D and comparison to
                  nonlinear gyrokinetic simulations}},
  author =	 {A.E. White and L. Schmitz and G.R. McKee and
                  C. Holland and W.A. Peebles and T.A. Carter and
                  M.W. Shafer and M.E. Austin and K.H. Burrell and
                  J. Candy and others},
  journal =	 pop,
  number =	 5,
  pages =	 056116,
  volume =	 15,
  year =	 2008
}

@InProceedings{	  worley:2005,
  author =	 {P. Worley and J. Candy and L. Carrington and K. Huck
                  and T. Kaiser and G. Mahinthakumar and A. Maloney
                  and S. Moore and D. Reed and P. Roth and H. Shan and
                  S. Shende and A.  Snavely and S. Sreepathi and
                  F. Wolf and Y. Zhang},
  title =	 {Performance Analysis of GYRO: A Tool Evaluation},
  booktitle =	 {Proceedings of the 2005 SciDAC Conference, San
                  Francisco, CA, June 26-30},
  year =	 2005
}

@InProceedings{	  worley:2005b,
  author =	 {P. Worley and S. Alam and T.H. Dunigan, Jr. and
                  M.R. Fahey and J.S. Vetter},
  title =	 {Comparative Analysis of Interprocess Communication
                  on the X1, XD1, and XT3},
  booktitle =	 {Proceedings of the 47th Cray User Group Conference,
                  Knoxville, TN, May 16-19},
  year =	 2005
}
